<record><leader>00000cas a22000007a 4500</leader><controlfield tag="001">13317213</controlfield><controlfield tag="008">860320d19121912inudr ne      0    0eng d</controlfield><datafield ind1=" " ind2=" " tag="010"><subfield code="a">sn 86058390 </subfield></datafield><datafield ind1=" " ind2=" " tag="040"><subfield code="a">NPI</subfield><subfield code="b">eng</subfield><subfield code="c">NPI</subfield><subfield code="d">OCLCQ</subfield></datafield><datafield ind1=" " ind2=" " tag="042"><subfield code="a">msc</subfield></datafield><datafield ind1="0" ind2="0" tag="245"><subfield code="a">Anderson daily Republican.</subfield></datafield><datafield ind1=" " ind2=" " tag="260"><subfield code="a">Anderson, Ind. :</subfield><subfield code="b">Anderson Daily Republican,</subfield><subfield code="c">1912.</subfield></datafield><datafield ind1=" " ind2=" " tag="300"><subfield code="a">v. :</subfield><subfield code="b">ill. ;</subfield><subfield code="c">56 cm.</subfield></datafield><datafield ind1=" " ind2=" " tag="310"><subfield code="a">Daily</subfield></datafield><datafield ind1="0" ind2=" " tag="362"><subfield code="a">Vol. 1, no. 1 (Oct. 24, 1912)-</subfield></datafield><datafield ind1="1" ind2=" " tag="362"><subfield code="a">Ceased in 1912.</subfield></datafield><datafield ind1=" " ind2=" " tag="500"><subfield code="a">W.H.H. Quick was "president" of the Anderson daily Republican.</subfield></datafield><datafield ind1=" " ind2=" " tag="752"><subfield code="a">United States</subfield><subfield code="b">Indiana</subfield><subfield code="c">Madison</subfield><subfield code="d">Anderson.</subfield></datafield></record>